
@article{piedallu_soil_2016,
	title = {Soil aeration, water deficit, nitrogen availability, acidity and temperature all contribute to shaping tree species distribution in temperate forests},
	volume = {27},
	issn = {11009233},
	url = {http://doi.wiley.com/10.1111/jvs.12370},
	doi = {10.1111/jvs.12370},
	language = {en},
	number = {2},
	urldate = {2016-10-28},
	journal = {Journal of Vegetation Science},
	author = {Piedallu, Christian and Gégout, Jean-Claude and Lebourgeois, François and Seynave, Ingrid},
	editor = {Bartha, Sándor},
	month = mar,
	year = {2016},
	pages = {387--399},
	file = {Piedallu et al. - 2016 - Soil aeration, water deficit, nitrogen availabilit.pdf:C\:\\Users\\vmoinard\\Zotero\\storage\\2B7FFQPS\\Piedallu et al. - 2016 - Soil aeration, water deficit, nitrogen availabilit.pdf:application/pdf}
}

@article{lind_support_2003,
	title = {Support {Vector} {Machines} for the {Estimation} of {Aqueous} {Solubility}},
	volume = {43},
	issn = {0095-2338},
	url = {http://pubs.acs.org/doi/abs/10.1021/ci034107s},
	doi = {10.1021/ci034107s},
	language = {en},
	number = {6},
	urldate = {2018-11-14},
	journal = {Journal of Chemical Information and Computer Sciences},
	author = {Lind, Peter and Maltseva, Tatiana},
	month = nov,
	year = {2003},
	pages = {1855--1859},
	file = {Lind et Maltseva - 2003 - Support Vector Machines for the Estimation of Aque.pdf:C\:\\Users\\vmoinard\\Zotero\\storage\\X6WZNELZ\\Lind et Maltseva - 2003 - Support Vector Machines for the Estimation of Aque.pdf:application/pdf}
}